@misc{TUG2011jwi,
  author={{\TeX\ Users Group}},
  title={Just what is {\TeX}?},
  year={2011},
  URL={http://www.tug.org/whatis.html},
}
@misc{Oetiker2011lshort,
  author={Oetiker, Tobias and
    Partl, Hubert and
        Hyna, Irene and
        Schlegl, Elisabeth},
  title={The Not So Short Introduction to {\LaTeXe}: or {\LaTeXe} in 157 
    minutes},
  year={2011},
  month={apr},
  URL={http://www.ctan.org/tex-archive/info/lshort/english/lshort.pdf},
}
@misc{memdesign,
  author={Wilson, Peter},
  title={A Few Notes on Book Design},
  year={2009},
  month={aug},
  URL={http://mirrors.ctan.org/info/memdesign/memdesign.pdf},
}
@misc{memman,
  author={Wilson, Peter},
  title={The Memoir Class for Configurable Typesetting: User Guide},
  year={2011},
  month={mar},
  URL={http://mirrors.ctan.org/macros/latex/contrib/memoir/memman.pdf},
}
@misc{Bosk2010libris,
  author={Bosk, Daniel},
  title={libris: a script for fetching reference information},
  year={2010},
  URL={https://apachepersonal.miun.se/~danbos/pub/libris},
}
@book{Knuth1997tao,
  author={Knuth, Donald Ervin},
  title={The art of computer programming},
  publisher={Addison-Wesley},
  address={Reading, Mass.},
  year={1997},
  edition={3},
  ISBN={0-201-48541-9},
}
@misc{TUG2012tsc,
  author={{TeX Users Group}},
  title={The TeX showcase},
  URL={http://www.tug.org/texshowcase/},
  note={Fetched on 27 september 2012},
}
@misc{IEEEcitation,
  author={Graffox, D},
  title={IEEE Citation Reference},
  year={2009},
  month={sep},
  URL={http://www.ieee.org/documents/ieeecitationref.pdf},
}
@manual{beameruserguide,
  author={Till Tantau and
    Joseph Wright and
    Vedran Miletic},
  title={The BEAMER class: User Guide for version 3.24},
  year={2012},
  month={nov},
  URL={http://mirrors.ctan.org/macros/latex/contrib/beamer/doc/beameruserguide.pdf},
}
